@inproceedings{moradi2014side,
  title={Side-channel leakage through static power},
  author={Moradi, Amir},
  booktitle={International Workshop on Cryptographic Hardware and Embedded Systems},
  pages={562--579},
  year={2014},
  organization={Springer}
}

@inproceedings{ambrose2007rijid,
  title={RIJID: random code injection to mask power analysis based side channel attacks},
  author={Ambrose, Jude Angelo and Ragel, Roshan G and others},
  booktitle={Design Automation Conference, 2007. DAC'07. 44th ACM/IEEE},
  pages={489--492},
  year={2007},
  organization={IEEE}
}

@inproceedings{eldib2014synthesis,
  title={Synthesis of masking countermeasures against side channel attacks},
  author={Eldib, Hassan and Wang, Chao},
  booktitle={International Conference on Computer Aided Verification},
  pages={114--130},
  year={2014},
  organization={Springer}
}

@article{saab2016side,
  title={Side-Channel Protections for Cryptographic Instruction Set Extensions.},
  author={Saab, Sami and Rohatgi, Pankaj and Hampel, Craig},
  journal={IACR Cryptology ePrint Archive},
  volume={2016},
  pages={700},
  year={2016}
}

@inproceedings{moradi2014side,
  title={Side-channel leakage through static power},
  author={Moradi, Amir},
  booktitle={International Workshop on Cryptographic Hardware and Embedded Systems},
  pages={562--579},
  year={2014},
  organization={Springer}
}

@inproceedings{brier2004correlation,
  title={Correlation power analysis with a leakage model},
  author={Brier, Eric and Clavier, Christophe and Olivier, Francis},
  booktitle={International Workshop on Cryptographic Hardware and Embedded Systems},
  pages={16--29},
  year={2004},
  organization={Springer}
}